% Encoding: UTF-8
@Book{SensationandPerception,
author = {Jeremy M. Wolfe and Keith R. Kluender and Dennis M. Levi},
editor = {Laura Green},
title = {Sensation \& Perception},
publisher = {Sinauer Associates, Inc.},
year = {2012},
isbn = {9780878935727},
OPTvolume = {•},
OPTnumber = {•},
OPTseries = {•},
OPTaddress = {•},
OPTedition = {3},
OPTmonth = {•},
OPTnote = {•},
OPTannote = {•}
}

@Book{ColourApperance,
author = {Asim Kumar Roy Choudhury},
ALTeditor = {•},
title = {Principles of Colour and Appearance Measurement},
publisher = {Woodhead Publishing},
year = {2014},
isbn = {9780857092298},
OPTvolume = {•},
OPTnumber = {•},
OPTseries = {•},
OPTaddress = {•},
OPTedition = {•},
OPTmonth = {•},
OPTnote = {•},
OPTannote = {•}
}

@Manual{IDEXFilterSelection,
title = {How to select a Filter},
OPTkey = {•},
author = {IDEX Optics \& Photonics Marketplace},
OPTorganization = {•},
OPTaddress = {•},
OPTedition = {•},
month = {11},
year = {2018},
OPTnote = {•},
OPTannote = {•}
}

@Misc{whatisLabVIEW,
OPTkey = {•},
author = {National Instruments},
title = {What is LabVIEW},
howpublished = {\url{https://www.ni.com/en-gb/shop/labview.html}},
OPTmonth = {•},
OPTyear = {•},
note = {Accessed: 2020-23-09},
OPTannote = {•}
}

@Misc{Halmstad,
OPTkey = {•},
author = {Halmstad Municipality},
title = {About Halmstad},
howpublished = {\url{https://www.halmstad.se/en-US/kommunpolitik/faktaomhalmstad.143.html}},
OPTmonth = {•},
OPTyear = {•},
note = {Accessed: 2020-28-09},
OPTannote = {•}
}

@Misc{FactsAboutHalmstadUniversity,
OPTkey = {•},
author = {Halmstad University},
title = {Facts about Halmstad University},
howpublished = {\url{https://www.hh.se/english/about-the-university/facts-about-halmstad-university.html}},
OPTmonth = {•},
OPTyear = {•},
note = {Accessed: 2020-28-09},
OPTannote = {•}
}

@Misc{HalmstadUniversityInNumbers,
OPTkey = {•},
author = {Halmstad University},
title = {Halmstad University in Numbers},
howpublished = {\url{https://www.hh.se/english/about-the-university/facts-about-halmstad-university/halmstad-university-in-numbers.html}},
OPTmonth = {•},
OPTyear = {•},
note = {Accessed: 2020-28-09},
OPTannote = {•}
}

@Misc{RydbergCoreLab,
  author       = {Halmstad University},
  howpublished = {\url{https://www.hh.se/english/collaboration/collaboration-arenas/rydberg-core-laboratory.html}},
  note         = {Accessed: 2020-28-09},
  title        = {Rydberg Core Laboratory},
  optannote    = {•},
  optkey       = {•},
  optmonth     = {•},
  optyear      = {•},
}

@Misc{VolvoCars,
OPTkey = {•},
author = {Volvo Car UK},
title = {This is Volvo Cars},
howpublished = {\url{https://www.volvocars.com/uk/about/our-company/this-is-volvo-cars}},
OPTmonth = {•},
OPTyear = {•},
note = {Accessed: 2020-28-09},
OPTannote = {•}
}

@Misc{HalmstadUniversityHistory,
OPTkey = {•},
author = {Halmstad University},
title = {History},
howpublished = {\url{https://www.hh.se/english/about-the-university/facts-about-halmstad-university/history.html}},
OPTmonth = {•},
OPTyear = {•},
note = {Accessed: 2020-28-09},
OPTannote = {•}
}

@TechReport{Chanal2020,
  author      = {Romain Chanal},
  institution = {University of Halmstad},
  title       = {Internship Report - Verification of visual appearance on transparent materials},
  year        = {2020},
}

@Misc{UniversityOrga,
  author       = {Halmstad University},
  howpublished = {\url{https://www.hh.se/english/about-the-university/governance-and-organisation.html}},
  note         = {Accessed: 2020-28-09},
  title        = {Governace and organisation},
}

@Book{LoefflerLang2020,
  author    = {Löffler-Mang, M. and Naumann, H. and Schröder, G.},
  publisher = {Hanser Fachbuchverlag},
  title     = {Handbuch Bauelemente der Optik},
  year      = {2020},
  isbn      = {978-3-446-46032-4},
  date      = {2020-02-17},
  ean       = {9783446460324},
  url       = {https://www.ebook.de/de/product/36685482/handbuch_bauelemente_der_optik.html},
}

@Book{NoboruOhta2005,
  author    = {Noboru Ohta, Alan Robertson},
  publisher = {WILEY},
  title     = {Colorimetry: Fundamentals and Applications},
  year      = {2005},
  isbn      = {0470094729},
  date      = {2005-12-01},
  ean       = {9780470094723},
  pagetotal = {350},
  url       = {https://www.ebook.de/de/product/5145745/noboru_ohta_alan_robertson_colorimetry_fundamentals_and_applications.html},
}

@Book{Lake2016,
  author    = {Lake, M.},
  publisher = {Hanser, Carl GmbH + Co.},
  title     = {Oberflächentechnik in der Kunststoffverarbeitung},
  year      = {2016},
  isbn      = {3446449493},
  date      = {2016-10-10},
  ean       = {9783446449497},
  pagetotal = {574},
  url       = {https://www.ebook.de/de/product/27073613/oberflaechentechnik_in_der_kunststoffverarbeitung.html},
}

@Book{Frings2019,
  author    = {Stephan Frings and Frank Müller},
  publisher = {Springer-Verlag GmbH},
  title     = {Biologie der Sinne},
  year      = {2019},
  isbn      = {3662583496},
  date      = {2019-06-11},
  ean       = {9783662583494},
  url       = {https://www.ebook.de/de/product/34988150/stephan_frings_frank_mueller_biologie_der_sinne.html},
}

@PhdThesis{Rebeggiani2009,
  author = {Rebeggiani, S.},
  school = {Chalmers University of Technology},
  title  = {Polishability of Tool Steels},
  year   = {2009},
  type   = {phdthesis},
}

@Misc{ThorlabsComplianceOpticalTable,
  author       = {Thorlabs},
  howpublished = {\url{https://www.thorlabs.com/newgrouppage9.cfm?objectgroup_id=5930}},
  note         = {Accessed: 2020-17-10},
  title        = {Table Vibration Isolation},
}

@Misc{ThorlabsBeamsplitter,
  author       = {Thorlabs},
  howpublished = {\url{https://www.thorlabs.com/newgrouppage9.cfm?objectgroup_id=754}},
  note         = {Accessed: 2020-21-10},
  title        = {Non-Polarizing Cube Beamsplitters},
}

@Misc{MuellerPlastik,
  author       = {Müller Plastik GMBH},
  howpublished = {\url{https://www.mueller-plastik.de/de/produkte/industrie/Schutzkontaktstecker-typ-e-typ-f/schutzkontaktstecker-ip44/m08b-schutzkontaktzentralstecker-ip44-typ-e-typ-f.html}},
  note         = {Accessed: 2020-26-10},
  title        = {M08B-SCHUTZKONTAKTZENTRALSTECKER IP44},
}

@Misc{ComputerCableStore,
  author       = {ComputerCableStore},
  howpublished = {\url{https://www.computercablestore.com/10-ft-booted-cat5e-network-patch-cable-yellow}},
  note         = {Accessed: 2020-26-10},
  title        = {CAT5e Patch Cable - 10 FT},
}

@Misc{RSComponents,
  author       = {RS-Components},
  howpublished = {\url{https://se.rs-online.com/web/p/din-rail-power-supplies/6657784/}},
  note         = {Accessed: 2020-26-10},
  title        = {Phoenix Contact MINI-PS},
}

@Misc{Labs,
  author       = {Lucid Vision Labs},
  howpublished = {\url{https://thinklucid.com/product/phoenix-5-mp-imx264/}},
  note         = {Accessed: 2020-26-10},
  title        = {Phoenix 5.0 MP Model},
}

@Misc{MikroTik,
  author       = {MikroTik},
  howpublished = {\url{https://mikrotik.com/product/CSS326-24G-2SplusRM}},
  note         = {Accessed: 2020-26-10},
  title        = {CSS32624G2SRM},
}

@Misc{DIGI,
  author       = {DIGI},
  howpublished = {\url{https://www.digi.com/products/networking/infrastructure-management/usb-connectivity/usb-hubs/hubport}},
  note         = {Accessed: 2020-26-10},
  title        = {Switched USB Expansion Hubs},
}

@Misc{RSComponentsa,
  author       = {RS-Components},
  howpublished = {\url{https://se.rs-online.com/web/p/usb-cables/1216573/}},
  note         = {Accessed: 2020-26-10},
  title        = {USB A to Mini USB B Cable},
}

@Misc{ThorlabsCCS,
  author       = {Thorlabs},
  howpublished = {\url{https://www.thorlabs.com/thorproduct.cfm?partnumberCCS100/M}},
  note         = {Accessed: 2020-26-10},
  title        = {CCS100M},
}

@Misc{ThorlabsEdgepass,
  author       = {Thorlabs},
  howpublished = {\url{https://www.thorlabs.com/newgrouppage9.cfm?objectgroup_id=6082}},
  note         = {Accessed: 2020-28-10},
  title        = {Premium Hard-Coated Edgepass Filters},
}

@Misc{MITHalfWP,
  author       = {Massachusees Institute of Technology},
  howpublished = {\url{https://ocw.mit.edu/resources/res-6-006-video-demonstrations-in-lasers-and-optics-spring-2008/demonstrations-in-physical-optics/half-wave-plate/}},
  note         = {Accessed: 2020-26-10},
  title        = {Half-wave Plate},
}

@Misc{MITQuarterWP,
  author       = {Massachusees Institute of Technology},
  howpublished = {\url{https://ocw.mit.edu/resources/res-6-006-video-demonstrations-in-lasers-and-optics-spring-2008/demonstrations-in-physical-optics/quarter-wave-plate/}},
  note         = {Accessed: 2020-26-10},
  title        = {Quarter-wave Plate},
}

@Misc{ThorlabsCoupler,
  author       = {Thorlabs},
  howpublished = {\url{https://www.thorlabs.com/thorproduct.cfm?partnumber=RC12FC-P01}},
  note         = {Accessed: 2020-26-10},
  title        = {ReflectiveCollimatorsCouplers},
}

@Misc{PilzLightBarrier,
  author       = {Pilz GmbH \& Co.K.G.},
  howpublished = {\url{https://www.pilz.com/en-GB/eshop/00106002197040/PSENopt-Light-curtains}},
  note         = {Accessed: 2020-29-10},
  title        = {Light barriers PSENopt},
}

@Misc{GSUPolarization,
  author       = {Georgia State University},
  howpublished = {\url{http://hyperphysics.phy-astr.gsu.edu/hbase/phyopt/polclas.html}},
  note         = {Accessed: 2020-29-10},
  title        = {HyperPhysics - Classification of Polarization},
}

@Book{hecht2002optics,
  author    = {Hecht, Eugene},
  publisher = {Addison-Wesley},
  title     = {Optics},
  year      = {2002},
  address   = {Reading, Mass},
  isbn      = {0-321-18878-0},
}

@Article{Basler2018RollingShutter,
  author = {Basler AG},
  title  = {Global Shutter, Rolling Shutter - Functionality and Characteristics of Two Exposure Methods (ShutterVariants)},
  year   = {2018},
}

@Manual{Thorlabs2018LinStage,
  title  = {NRT Series Motorized Translation Stages},
  author = {Thorlabs},
  year   = {2018},
}

@Book{Mareczek2020,
  author    = {Mareczek, Jörg},
  publisher = {Springer-Verlag GmbH},
  title     = {Grundlagen der Roboter-Manipulatoren - Band 1},
  year      = {2020},
  isbn      = {3662527588},
  date      = {2020-05-14},
  ean       = {9783662527580},
  url       = {https://www.ebook.de/de/product/35075690/joerg_mareczek_grundlagen_der_roboter_manipulatoren_band_1.html},
}

@Misc{ThorlabsMachineVisionLenses,
  author       = {Thorlabs},
  howpublished = {\url{https://www.thorlabs.com/newgrouppage9.cfm?objectgroup_id=1822}},
  note         = {Accessed: 2020-01-11},
  title        = {Camera Lenses for Machine Vision},
}

@Article{Eugene2008,
  author = {Eugène, Christian},
  title  = {Measurement of “Total visual appearance”: A CIE challenge of soft metrology},
  year   = {2008},
}

@Article{Wolfe1957,
  author  = {J. M. Wolfe and D. Jameson},
  journal = {Psychological Review, Vol.64, No.6},
  title   = {An Opponent-Process Theory of Color Vison},
  year    = {1957},
}

@Article{Gilchrist1979,
  author  = {A. L. Gilchrist},
  journal = {Scientific American},
  title   = {The Perception of Surfaces Black and White},
  year    = {1979},
}

@Misc{Mathworks,
  author       = {Mathworks},
  howpublished = {\url{https://de.mathworks.com/products/matlab.html}},
  note         = {Accessed: 2020-01-11},
  title        = {Matlab - Overview},
}

@Misc{OceanOpticsCIE,
  author       = {Ocean Optics},
  howpublished = {\url{https://oceanopticsbook.info/view/photometry-and-visibility/from-xyz-to-rgb}},
  note         = {Accessed: 2020-26-10},
  title        = {From XYZ to RGB},
}

@Comment{jabref-meta: databaseType:bibtex;}
